@ARTICLE{7857800,
author={H. Si and B. L. Ng and M. S. Rahman and J. Zhang},
journal={IEEE Transactions on Vehicular Technology},
title={A Novel and Efficient Vector Quantization Based CPRI Compression Algorithm},
year={2017},
volume={66},
number={8},
pages={7061-7071},
keywords={cloud computing;data compression;radio access networks;search problems;telecommunication computing;vector quantisation;C-RAN-based network architecture;Lloyd algorithm;cloud radio access network;codebook search complexity reduction;codebook size reduction;codebook training;common public radio interface;error vector magnitude distortion;multistage vector quantization;unequally protected multigroup quantization;vector quantization-based CPRI compression algorithm;Compression algorithms;Distortion;Downlink;Entropy;Training;Vector quantization;Data compression;source coding;vector quantization},
doi={10.1109/TVT.2017.2670561},
ISSN={0018-9545},
month={Aug},}
